@article{aghion2006vertical,
  title     = {Vertical integration and competition},
  author    = {Aghion, Philippe and Griffith, Rachel and Howitt, Peter},
  journal   = {American Economic Review},
  volume    = {96},
  number    = {2},
  pages     = {97--102},
  year      = {2006},
  publisher = {American Economic Association}
}

@article{anderson2020aggregative,
  title     = {Aggregative games and oligopoly theory: short-run and long-run analysis},
  author    = {Anderson, Simon P and Erkal, Nisvan and Piccinin, Daniel},
  journal   = {The RAND Journal of Economics},
  volume    = {51},
  number    = {2},
  pages     = {470--495},
  year      = {2020},
  publisher = {Wiley Online Library}
}

@article{anderson2021hybrid,
  title     = {Hybrid platform model},
  author    = {Anderson, Simon P and Bedre-Defolie, {\"O}zlem},
  year      = {2021},
  publisher = {CEPR Discussion Paper No. DP16243}
}

@article{armstrong2006competition,
  title     = {Competition in two-sided markets},
  author    = {Armstrong, Mark},
  journal   = {The RAND journal of economics},
  volume    = {37},
  number    = {3},
  pages     = {668--691},
  year      = {2006},
  publisher = {Wiley Online Library}
}

@book{aumann2015values,
  title     = {Values of non-atomic games},
  author    = {Aumann, Robert J and Shapley, Lloyd S},
  year      = {2015},
  publisher = {Princeton University Press}
}

@article{billera1978internal,
  title     = {Internal telephone billing ratesâ€”a novel application of non-atomic game theory},
  author    = {Billera, Louis J and Heath, David C and Raanan, Joseph},
  journal   = {Operations Research},
  volume    = {26},
  number    = {6},
  pages     = {956--965},
  year      = {1978},
  publisher = {INFORMS}
}

@article{brugemann2019intra,
  title     = {Intra firm bargaining and Shapley values},
  author    = {Br{\"u}gemann, Bj{\"o}rn and Gautier, Pieter and Menzio, Guido},
  journal   = {The Review of Economic Studies},
  volume    = {86},
  number    = {2},
  pages     = {564--592},
  year      = {2019},
  publisher = {Oxford University Press}
}

@article{calvano2021market,
  title     = {Market power, competition and innovation in digital markets: A survey},
  author    = {Calvano, Emilio and Polo, Michele},
  journal   = {Information Economics and Policy},
  volume    = {54},
  pages     = {100853},
  year      = {2021},
  publisher = {Elsevier}
}

@article{choi2010tying,
  title     = {Tying in two-sided markets with multi-homing},
  author    = {Choi, Jay Pil},
  journal   = {The Journal of Industrial Economics},
  volume    = {58},
  number    = {3},
  pages     = {607--626},
  year      = {2010},
  publisher = {Wiley Online Library}
}

@article{de2005vertical,
  title     = {Vertical integration in the presence of upstream competition},
  author    = {De Fontenay, Catherine C and Gans, Joshua S},
  journal   = {RAND Journal of Economics},
  pages     = {544--572},
  year      = {2005},
  publisher = {JSTOR}
}

@inproceedings{dou2014sell,
  title        = {When to sell premium digital contents through the rival platform?},
  author       = {Dou, Yifan},
  booktitle    = {2014 11th International Conference on Service Systems and Service Management (ICSSSM)},
  pages        = {1--6},
  year         = {2014},
  organization = {IEEE}
}

@misc{eu-2022,
  author = {{Council of European Union}},
  title  = {Regulation (EU) 2022/1925 of the European Parliament and of the Council of 14 September 2022 on contestable and fair markets in the digital sector and amending Directives (EU) 2019/1937 and (EU) 2020/1828 (Digital Markets Act) },
  year   = {2022},
  url    = {http://eur-lex.europa.eu/legal-content/EN/TXT/?qid=1416170084502&uri=CELEX:32014R0269}
}

@article{evans2011platform,
  title   = {Platform economics: Essays on multi-sided businesses},
  author  = {Evans, David S and Schmalensee, Richard and Noel, Michael D and Chang, Howard H and Garcia-Swartz, Daniel D},
  journal = {Platform Economics: Essays on Multi-Sided Businesses, David S. Evans, Ed., Competition Policy International},
  year    = {2011}
}

@article{fletcher2021consumer,
  title  = {Consumer Protection for Online Markets and Large Digital Platforms},
  author = {Fletcher, Amelia and Crawford, Gregory S and Cr{\'e}mer, Jacques and Dinielli, David and Heidhues, Paul and Luca, Michael and Salz, Tobias and Schnitzer, Monika and Scott Morton, Fiona M and Seim, Katja and others},
  year   = {2021}
}

@article{fogelman1980asymptotic,
  title     = {Asymptotic value of mixed games},
  author    = {Fogelman, Francoise and Quinzii, Martine},
  journal   = {Mathematics of Operations Research},
  volume    = {5},
  number    = {1},
  pages     = {86--93},
  year      = {1980},
  publisher = {INFORMS}
}

@article{gul1989bargaining,
  title     = {Bargaining foundations of Shapley value},
  author    = {Gul, Faruk},
  journal   = {Econometrica: Journal of the Econometric Society},
  pages     = {81--95},
  year      = {1989},
  publisher = {JSTOR}
}

@article{gutierrez2021welfare,
  title   = {The welfare consequences of regulating Amazon},
  author  = {Gutierrez, German},
  journal = {Job Market Paper, New York University},
  year    = {2021}
}

@article{hagiu2004optimal,
  title   = {Optimal pricing and commitment in two-sided markets},
  author  = {Hagiu, Andrei},
  journal = {Rand Journal of Economics},
  volume  = {20},
  pages   = {658--670},
  year    = {2004}
}

@article{hagiu2006pricing,
  title     = {Pricing and commitment by two-sided platforms},
  author    = {Hagiu, Andrei},
  journal   = {The RAND Journal of Economics},
  volume    = {37},
  number    = {3},
  pages     = {720--737},
  year      = {2006},
  publisher = {Wiley Online Library}
}

@article{hagiu2011exclusivity,
  title     = {Exclusivity and control},
  author    = {Hagiu, Andrei and Lee, Robin S},
  journal   = {Journal of Economics \& Management Strategy},
  volume    = {20},
  number    = {3},
  pages     = {679--708},
  year      = {2011},
  publisher = {Wiley Online Library}
}

@article{hagiu2022should,
  title     = {Should platforms be allowed to sell on their own marketplaces?},
  author    = {Hagiu, Andrei and Teh, Tat-How and Wright, Julian},
  journal   = {The RAND Journal of Economics},
  volume    = {53},
  number    = {2},
  pages     = {297--327},
  year      = {2022},
  publisher = {Wiley Online Library}
}

@article{hart1973values,
  title     = {Values of mixed games},
  author    = {Hart, Sergiu},
  journal   = {International Journal of Game Theory},
  volume    = {2},
  number    = {1},
  pages     = {69--85},
  year      = {1973},
  publisher = {Springer}
}

@article{hart1990property,
  title     = {Property Rights and the Nature of the Firm},
  author    = {Hart, Oliver and Moore, John},
  journal   = {Journal of political economy},
  volume    = {98},
  number    = {6},
  pages     = {1119--1158},
  year      = {1990},
  publisher = {The University of Chicago Press}
}

@article{hart1990vertical,
  title     = {Vertical integration and market foreclosure},
  author    = {Hart, Oliver and Tirole, Jean and Carlton, Dennis W and Williamson, Oliver E},
  journal   = {Brookings papers on economic activity. Microeconomics},
  volume    = {1990},
  pages     = {205--286},
  year      = {1990},
  publisher = {JSTOR}
}

@article{hart1996bargaining,
  title     = {Bargaining and value},
  author    = {Hart, Sergiu and Mas-Colell, Andreu},
  journal   = {Econometrica: Journal of the Econometric Society},
  pages     = {357--380},
  year      = {1996},
  publisher = {JSTOR}
}

@article{huang2022shapley,
  title   = {The Shapley Value and the Nucleolus of a Two-sided Platform Game},
  author  = {Huang, Jinglei and Xie, Danxia},
  journal = {Available at SSRN 4039043},
  year    = {2022}
}

@article{inderst2003bargaining,
  title     = {Bargaining, mergers, and technology choice in bilaterally oligopolistic industries},
  author    = {Inderst, Roman and Wey, Christian},
  journal   = {RAND Journal of Economics},
  pages     = {1--19},
  year      = {2003},
  publisher = {JSTOR}
}

@article{kalai1987weighted,
  title     = {On weighted Shapley values},
  author    = {Kalai, Ehud and Samet, Dov},
  journal   = {International journal of game theory},
  volume    = {16},
  number    = {3},
  pages     = {205--222},
  year      = {1987},
  publisher = {Springer}
}

@article{kang2022contracting,
  title   = {Contracting and vertical control by a dominant platform},
  author  = {Kang, Zi Yang and Muir, Ellen V},
  journal = {Unpublished manuscript, Stanford University},
  year    = {2022}
}

@article{lee2013vertical,
  title   = {Vertical integration and exclusivity in platform and two-sided markets},
  author  = {Lee, Robin S},
  journal = {American Economic Review},
  volume  = {103},
  number  = {7},
  pages   = {2960--3000},
  year    = {2013}
}


@article{lee2014competing,
  title     = {Competing platforms},
  author    = {Lee, Robin S},
  journal   = {Journal of Economics \& Management Strategy},
  volume    = {23},
  number    = {3},
  pages     = {507--526},
  year      = {2014},
  publisher = {Wiley Online Library}
}

@article{levy1997individual,
  title     = {Individual and collective wage bargaining},
  author    = {Levy, Anat and Shapley, Lloyd S},
  journal   = {International Economic Review},
  pages     = {969--991},
  year      = {1997},
  publisher = {JSTOR}
}

@misc{livni_merced_2023,
  title     = {Microsoft's Activision deal tests a new global alignment on antitrust},
  url       = {https://www.nytimes.com/2023/02/04/business/dealbook/microsofts-activision-deal.html},
  journal   = {The New York Times},
  publisher = {The New York Times},
  author    = {Livni, Ephrat and Merced, Michael J. De La},
  year      = {2023},
  month     = {Feb}
}

@article{milnor1978values,
  title     = {Values of large games II: Oceanic games},
  author    = {Milnor, John Willard and Shapley, Lloyd S},
  journal   = {Mathematics of operations research},
  volume    = {3},
  number    = {4},
  pages     = {290--307},
  year      = {1978},
  publisher = {INFORMS}
}

@article{montez2007downstream,
  title     = {Downstream mergers and producer's capacity choice: why bake a larger pie when getting a smaller slice?},
  author    = {Montez, Jo{\~a}o V},
  journal   = {The RAND Journal of Economics},
  volume    = {38},
  number    = {4},
  pages     = {948--966},
  year      = {2007},
  publisher = {Wiley Online Library}
}

@article{owen1968communications,
  title     = {Communications to the editor -- A note on the Shapley value},
  author    = {Owen, Guillermo},
  journal   = {Management Science},
  volume    = {14},
  number    = {11},
  pages     = {731--731},
  year      = {1968},
  publisher = {INFORMS}
}

@misc{phartiyal_2019,
  title     = {Explainer: What are India's new foreign direct investment rules for e-commerce?},
  url       = {https://www.reuters.com/article/us-india-ecommerce-explainer-idUSKCN1PP1Y2},
  journal   = {Reuters},
  publisher = {Thomson Reuters},
  author    = {Phartiyal, Sankalp},
  year      = {2019},
  month     = {Jan}
}

@misc{reynolds_2022,
  title     = {WSJ News Exclusive | antitrust bill targeting Amazon, Google, Apple gets support from DOJ},
  url       = {https://www.wsj.com/articles/doj-backs-antitrust-bill-targeting-amazon-google-apple-11648519385?mod=tech_lead_pos1},
  journal   = {The Wall Street Journal},
  publisher = {Dow Jones &amp; Company},
  author    = {Stefani Reynolds},
  year      = {2022},
  month     = {Mar}
}

@article{rochet2003platform,
  title     = {Platform competition in two-sided markets},
  author    = {Rochet, Jean-Charles and Tirole, Jean},
  journal   = {Journal of the European Economic Association},
  volume    = {1},
  number    = {4},
  pages     = {990--1029},
  year      = {2003},
  publisher = {Oxford University Press}
}

@article{rochet2006two,
  title     = {Two-sided markets: a progress report},
  author    = {Rochet, Jean-Charles and Tirole, Jean},
  journal   = {The RAND journal of economics},
  volume    = {37},
  number    = {3},
  pages     = {645--667},
  year      = {2006},
  publisher = {Wiley Online Library}
}

@article{segal2003collusion,
  title     = {Collusion, exclusion, and inclusion in random-order bargaining},
  author    = {Segal, Ilya},
  journal   = {The Review of Economic Studies},
  volume    = {70},
  number    = {2},
  pages     = {439--460},
  year      = {2003},
  publisher = {Wiley-Blackwell}
}

@book{shapley1953additive,
  title     = {Additive and non-additive set functions},
  author    = {Shapley, Lloyd S},
  year      = {1953},
  publisher = {Princeton University}
}

@article{small1981applied,
  title     = {Applied welfare economics with discrete choice models},
  author    = {Small, Kenneth A and Rosen, Harvey S},
  journal   = {Econometrica: Journal of the Econometric Society},
  pages     = {105--130},
  year      = {1981},
  publisher = {JSTOR}
}

@unpublished{stancsics2023hybrid,
  author = {Stancsics, Martin},
  title  = {Hybrid platforms and bargaining power},
  year   = {2023}
}

@unpublished{stancsics2023value,
  author = {Stancsics, Martin},
  title  = {The value of being indispensable: a cooperative approach to bargaining with a continuum of players},
  year   = {2023}
}

@article{steiner2004nature,
  title     = {The nature and benefits of national brand/private label competition},
  author    = {Steiner, Robert L},
  journal   = {Review of Industrial Organization},
  volume    = {24},
  number    = {2},
  pages     = {105--127},
  year      = {2004},
  publisher = {Springer}
}


@article{stole1996intra,
  title     = {Intra-firm bargaining under non-binding contracts},
  author    = {Stole, Lars A and Zwiebel, Jeffrey},
  journal   = {The Review of Economic Studies},
  volume    = {63},
  number    = {3},
  pages     = {375--410},
  year      = {1996},
  publisher = {Wiley-Blackwell}
}


@article{stole1996organizational,
  title     = {Organizational design and technology choice under intrafirm bargaining},
  author    = {Stole, Lars A and Zwiebel, Jeffrey},
  journal   = {The American Economic Review},
  pages     = {195--222},
  year      = {1996},
  publisher = {JSTOR}
}

@article{treasury2019unlocking,
  title     = {Unlocking digital competition, Report of the Digital Competition Expert Panel (2019)},
  author    = {Treasury, HM and others},
  year      = {2019},
  publisher = {HM Treasury}
}

 @article{weber1988probabilistic,
  title   = {Probabilistic values for games},
  author  = {Weber, Robert J},
  journal = {The Shapley Value. Essays in Honor of Lloyd S. Shapley},
  pages   = {101--119},
  year    = {1988}
}

 @article{weeds2016tv,
  title     = {TV wars: Exclusive content and platform competition in pay TV},
  author    = {Weeds, Helen},
  journal   = {The Economic Journal},
  volume    = {126},
  number    = {594},
  pages     = {1600--1633},
  year      = {2016},
  publisher = {Oxford University Press Oxford, UK}
} 
 @article{winter1994demand,
  title     = {The demand commitment bargaining and snowballing cooperation},
  author    = {Winter, Eyal},
  journal   = {Economic Theory},
  volume    = {4},
  number    = {2},
  pages     = {255--273},
  year      = {1994},
  publisher = {Springer}
} 